@online{bt-about,
	title = "Bluetooth about page",
	url  = "https://www.bluetooth.com/about-us/",
	keywords = "bluetooth, sig"
}
@online{bt-sig,
	title = "Bluetooth join the SIG",
	url  = "https://www.bluetooth.com/develop-with-bluetooth/join/",
	keywords = "bluetooth, sig"
}
@online{bt-specs,
	title="Bluetooth specifications",
	url = "https://www.bluetooth.com/specifications/specs/"
}
@online{bt-arch,
	title="Bluetooth architecture",
	url = "https://web.archive.org/web/20100225214851/http://www.bluetooth.com/Bluetooth/Technology/Works/Data_Transport_Architecture.htm" 
}

@online{bt-re-article,
	title="Reverse Engineering BLE Devices",
	url = "https://reverse-engineering-ble-devices.readthedocs.io/en/latest/"
}

@online{py-socket,
	title="Socket library",
	url = "https://docs.python.org/3/library/socket.html"
}

@online{rfcomm-port,
	title="RFCOMM port range",
	url = "https://people.csail.mit.edu/albert/bluez-intro/x148.html"
}

@online{soundcore-ref,
	title="Reimplementation inspiration",
	url = "https://github.com/KillerBOSS2019/SoundcoreDesktop"
}
